@inproceedings{banjade,
author = {Banjade, Rajendra and Maharjan, Nabin and Niraula, Nobal and Rus, Vasile},
year = {2016},
month = {01},
pages = {809-813},
title = {DTSim at SemEval-2016 Task 2: Interpreting Similarity of Texts Based on Automated Chunking, Chunk Alignment and Semantic Relation Prediction},
doi = {10.18653/v1/S16-1125}
}

@inproceedings{kazmi,
    title = "Inspire at {S}em{E}val-2016 Task 2: Interpretable Semantic Textual Similarity Alignment based on Answer Set Programming",
    author = {Kazmi, Mishal  and
      Sch{\"u}ller, Peter},
    booktitle = "Proceedings of the 10th International Workshop on Semantic Evaluation ({S}em{E}val-2016)",
    month = jun,
    year = "2016",
    address = "San Diego, California",
    publisher = "Association for Computational Linguistics",
    url = "https://aclanthology.org/S16-1171",
    doi = "10.18653/v1/S16-1171",
    pages = "1109--1115",
}

@inproceedings{magnolini,
author = {Magnolini, Simone and Feltracco, Anna and Magnini, Bernardo},
year = {2016},
month = {01},
pages = {783-789},
title = {FBK-HLT-NLP at SemEval-2016 Task 2: A Multitask, Deep Learning Approach for Interpretable Semantic Textual Similarity},
doi = {10.18653/v1/S16-1121}
}

@inproceedings{tekumalla,
author = {Tekumalla, Lavanya and Jat, Sharmistha},
year = {2016},
month = {05},
pages = {790-795},
title = {IISCNLP at SemEval-2016 Task 2: Interpretable STS with ILP based Multiple Chunk Aligner},
doi = {10.18653/v1/S16-1122}
}

@inproceedings{banjadeautre,
    title = "{N}e{R}o{S}im: A System for Measuring and Interpreting Semantic Textual Similarity",
    author = "Banjade, Rajendra  and
      Niraula, Nobal Bikram  and
      Maharjan, Nabin  and
      Rus, Vasile  and
      Stefanescu, Dan  and
      Lintean, Mihai  and
      Gautam, Dipesh",
    booktitle = "Proceedings of the 9th International Workshop on Semantic Evaluation ({S}em{E}val 2015)",
    month = jun,
    year = "2015",
    address = "Denver, Colorado",
    publisher = "Association for Computational Linguistics",
    url = "https://aclanthology.org/S15-2030",
    doi = "10.18653/v1/S15-2030",
    pages = "164--171",
}